% bibliography.bib â€” add your BibTeX entries here.

@book{bipm2019si,
  title = {The International System of Units (SI)},
  author = {{Bureau International des Poids et Mesures}},
  edition = {9},
  year = {2019},
  address = {S\`evres},
  publisher = {BIPM}
}

@article{tiesinga2021codata,
  author = {Tiesinga, Eite and Mohr, Peter J. and Newell, David B. and Taylor, Barry N.},
  title = {CODATA Recommended Values of the Fundamental Physical Constants: 2018},
  journal = {Reviews of Modern Physics},
  year = {2021},
  volume = {93},
  number = {2},
  pages = {025010},
  doi = {10.1103/RevModPhys.93.025010}
}

@article{coulomb1785,
  author = {Coulomb, Charles-Augustin de},
  title = {Premier M\'emoire sur l'\'Electricit\'e et le Magn\'etisme},
  journal = {Histoire de l'Acad\'emie Royale des Sciences},
  year = {1785}
}

@book{griffiths2013electrodynamics,
  author = {Griffiths, David J.},
  title = {Introduction to Electrodynamics},
  edition = {4},
  year = {2013},
  publisher = {Pearson}
}

@book{griffiths2018quantum,
  author = {Griffiths, David J. and Schroeter, Darrell F.},
  title = {Introduction to Quantum Mechanics},
  edition = {3},
  year = {2018},
  publisher = {Cambridge University Press}
}

@article{rydberg1890,
  author = {Rydberg, Johannes},
  title = {On the Structure of the Line-Spectra of the Chemical Elements},
  journal = {Philosophical Magazine},
  year = {1890}
}

@book{fowler1922hydrogen,
  author = {Fowler, Alfred},
  title = {The Hydrogen Spectrum of the Sun},
  year = {1922},
  publisher = {Royal Astronomical Society}
}

@book{dirac1930principles,
  author = {Dirac, P. A. M.},
  title = {The Principles of Quantum Mechanics},
  year = {1930},
  publisher = {Oxford University Press}
}

@article{bethe1947lamb,
  author = {Bethe, Hans A.},
  title = {The Electromagnetic Shift of Energy Levels},
  journal = {Physical Review},
  year = {1947},
  volume = {72},
  number = {4},
  pages = {339--341}
}

@article{bohr1913constitution,
  author = {Bohr, Niels},
  title = {On the Constitution of Atoms and Molecules},
  journal = {Philosophical Magazine},
  year = {1913},
  volume = {26},
  pages = {1--25}
}